@article{assoc_agrawal,
 author = {Agrawal, Rakesh and Imieli\'{n}ski, Tomasz and Swami, Arun},
 title = {Mining Association Rules Between Sets of Items in Large Databases},
 journal = {SIGMOD Rec.},
 issue_date = {June 1, 1993},
 volume = {22},
 number = {2},
 month = jun,
 year = {1993},
 issn = {0163-5808},
 pages = {207--216},
 numpages = {10},
 url = {http://doi.acm.org/10.1145/170036.170072},
 doi = {10.1145/170036.170072},
 acmid = {170072},
 publisher = {ACM},
 address = {New York, NY, USA}
} 


@book{datamining,
author = {Han, Jiawei and Kamber, Micheline and Pei, Jian},
year = {2012},
month = {01},
pages = {},
title = {Data Mining: Concepts and Techniques},
doi = {10.1016/C2009-0-61819-5}
}

@inproceedings{regressionModel,
  author    = {Maximilian Schleich and
               Dan Olteanu and
               Radu Ciucanu},
  title     = {Learning Linear Regression Models over Factorized Joins},
  booktitle = {Proceedings of the 2016 International Conference on Management of
               Data, {SIGMOD} Conference 2016, San Francisco, CA, USA, June 26 -
               July 01, 2016},
  pages     = {3--18},
  year      = {2016},
  crossref  = {DBLP:conf/sigmod/2016},
  url       = {https://doi.org/10.1145/2882903.2882939},
  doi       = {10.1145/2882903.2882939},
  timestamp = {Wed, 14 Nov 2018 10:56:20 +0100},
  biburl    = {https://dblp.org/rec/bib/conf/sigmod/SchleichOC16},
  bibsource = {dblp computer science bibliography, https://dblp.org}
}
@article{classification,
author = {Fadli, Ari and Zulfa, Mulki and Ramadhani, Yogi},
year = {2018},
month = {10},
pages = {158},
title = {Performance Comparison of Data Mining Classification Algorithms for Early Warning System of Students Graduation Timeliness},
volume = {6},
journal = {Jurnal Teknologi dan Sistem Komputer},
doi = {10.14710/jtsiskom.6.4.2018.158-163}
}

@article{clustering,
author = {Berkhin, Pavel},
year = {2002},
month = {08},
pages = {},
title = {Survey Of Clustering Data Mining Techniques},
volume = {10},
journal = {A Survey of Clustering Data Mining Techniques. Grouping Multidimensional Data: Recent Advances in Clustering.},
doi = {10.1007/3-540-28349-8_2}
}

@online{descriptiveStats,
author = {Laerd Statistics},
title = {Descriptive and Inferential Statistics},
year = {2018},
url = {https://statistics.laerd.com/statistical-guides/descriptive-inferential-statistics.php},
}

@article{health,
author = {Koh, Hian and Tan, Gerald},
year = {2005},
month = {02},
pages = {64-72},
title = {Data Mining Applications in Healthcare},
volume = {19},
journal = {Journal of healthcare information management : JHIM}
}

@article{economy,
author = {Chien, Chen-Fu and Chen, Li-Fei},
year = {2008},
month = {01},
pages = {280-290},
title = {Data mining to improve personnel selection and enhance human capital: A case study in high-technology industry},
volume = {34},
journal = {Expert Systems with Applications},
doi = {10.1016/j.eswa.2006.09.003}
}

@article{sports,
author = {Schumaker, Rob and K. Solieman, Osama and Chen, Hsiu-chin},
year = {2010},
month = {01},
pages = {115-157},
title = {Sports Knowledge Management and Data Mining},
volume = {44},
journal = {ARIST},
doi = {10.1002/aris.2010.1440440110}
}

@article{retail,
title = "Application of data mining techniques in customer relationship management: A literature review and classification",
journal = "Expert Systems with Applications",
volume = "36",
number = "2, Part 2",
pages = "2592 - 2602",
year = "2009",
issn = "0957-4174",
doi = "https://doi.org/10.1016/j.eswa.2008.02.021",
url = "http://www.sciencedirect.com/science/article/pii/S0957417408001243",
author = "E.W.T. Ngai and Li Xiu and D.C.K. Chau",
keywords = "Data mining, Customer relationship management, Literature review, Classification",

}

@article{FayyadKDD,
 author = {Fayyad, Usama and Piatetsky-Shapiro, Gregory and Smyth, Padhraic},
 title = {The KDD Process for Extracting Useful Knowledge from Volumes of Data},
 journal = {Commun. ACM},
 issue_date = {Nov. 1996},
 volume = {39},
 number = {11},
 month = nov,
 year = {1996},
 issn = {0001-0782},
 pages = {27--34},
 numpages = {8},
 url = {http://doi.acm.org/10.1145/240455.240464},
 doi = {10.1145/240455.240464},
 acmid = {240464},
 publisher = {ACM},
 address = {New York, NY, USA},
}

@inproceedings{OugKDD8,
  title={Association Rules Mining from the Educational Data of ESOG Web-Based Application},
  author={Stefanos Ougiaroglou and Giorgos Paschalis},
  booktitle={AIAI},
  year={2012}
}


@article{associatio_rules7,
author = {Kotsiantis, Sotiris and Kanellopoulos, D},
year = {2005},
month = {11},
pages = {71-82},
title = {Association Rules Mining: A Recent Overview},
volume = {32},
journal = {GESTS International Transactions on Computer Science and Engineering}
}

@article{students_learning_case6,
author = {El-Halees, Alaa},
year = {2009},
month = {01},
pages = {},
title = {Mining Students Data to Analyze Learning Behavior: A Case Study}
}

@article{educational_mining5,
 author = {Romero, C. and Ventura, S.},
 title = {Educational Data Mining: A Survey from 1995 to 2005},
 journal = {Expert Syst. Appl.},
 issue_date = {July, 2007},
 volume = {33},
 number = {1},
 month = jul,
 year = {2007},
 issn = {0957-4174},
 pages = {135--146},
 numpages = {12},
 url = {http://dx.doi.org/10.1016/j.eswa.2006.04.005},
 doi = {10.1016/j.eswa.2006.04.005},
 acmid = {1223659},
 publisher = {Pergamon Press, Inc.},
 address = {Tarrytown, NY, USA},
 keywords = {Data mining, Educational systems, Web mining, Web-based educational systems},
}

@article{associationRules_apriori4,
author = {Pooja R. Harne and Prof.S.D. Deshpande},
title = {Mining  of Association Rules A Review Paper},
journaltitle = {International Journal of Enfgineering Technology, Management and Applied Sciences},
year = {2015}
}
 
@InProceedings{pruningRules3,
author="Jaroszewicz, Szymon
and Simovici, Dan A.",
editor="Chen, Ming-Syan
and Yu, Philip S.
and Liu, Bing",
title="Pruning Redundant Association Rules Using Maximum Entropy Principle",
booktitle="Advances in Knowledge Discovery and Data Mining",
year="2002",
publisher="Springer Berlin Heidelberg",
address="Berlin, Heidelberg",
pages="135--147",

}
 
@incollection{apriori_basket2,
 author = {Hegland, Markus},
 chapter = {Algorithms for Association Rules},
 title = {Advanced Lectures on Machine Learning},
 editor = {Mendelson, Shahar and Smola, Alexander J.},
 year = {2003},
 isbn = {3-540-00529-3},
 pages = {226--234},
 numpages = {9},
 url = {http://dl.acm.org/citation.cfm?id=863714.863722},
 acmid = {863722},
 publisher = {Springer-Verlag New York, Inc.},
 address = {New York, NY, USA}
} 

@Article{miningEducation1,
  title={Application of enhanced analysis model for data mining processes in higher educational system},
  author={Naeimeh Delavari and M. Beikzadeh and Somnuk Phon-Amnuaisuk},
  journal={2005 6th International Conference on Information Technology Based Higher Education and Training},
  year={2005},
  pages={F4B/1-F4B/6}
}





%________________R_RStudio___________________________________________________________________

@Manual{Rstudio, title = {RStudio: Integrated Development Environment for R},
    author = {{RStudio Team}},
    organization = {RStudio, Inc.}, 
    address = {Boston, MA}, year = {2015}, 
    url = {http://www.rstudio.com/}, }

@Manual{R,
    title = {R: A Language and Environment for Statistical Computing},
    author = {{R Core Team}},
    organization = {R Foundation for Statistical Computing},
    address = {Vienna, Austria},
    year = {2017},
    url = {https://www.R-project.org/},
}

@Article{arules,
    title = {The arules R-Package Ecosystem: Analyzing Interesting Patterns from Large 		     Transaction Datasets},
    author = {Michael Hahsler and Sudheer Chelluboina and Kurt Hornik and Christian Buchta},
    year = {2011},
    journal = {Journal of Machine Learning Research},
    volume = {12},
    pages = {1977--1981},
    url = {http://jmlr.csail.mit.edu/papers/v12/hahsler11a.html},
  }
  
@Manual{tidyverse,
    title = {tidyverse: Easily Install and Load the 'Tidyverse'},
    author = {Hadley Wickham},
    year = {2017},
    note = {R package version 1.2.1},
    url = {https://CRAN.R-project.org/package=tidyverse},
  }
@Manual{stringr,
    title = {stringr: Simple, Consistent Wrappers for Common String Operations},
    author = {Hadley Wickham},
    year = {2017},
    note = {R package version 1.2.0},
    url = {https://CRAN.R-project.org/package=stringr},
  }

@Manual{xlsx,
    title = {xlsx: Read, write, format Excel 2007 and Excel 97/2000/XP/2003 files},
    author = {Adrian A. Dragulescu},
    year = {2014},
    note = {R package version 0.5.7},
    url = {https://CRAN.R-project.org/package=xlsx},
  }
  
@Manual{arulesViz,
    title = {arulesViz: Visualizing Association Rules and Frequent Itemsets},
    author = {Michael Hahsler},
    year = {2018},
    note = {R package version 1.3-1},
    url = {https://CRAN.R-project.org/package=arulesViz},
  }
  
@Article{plyr,
    title = {The Split-Apply-Combine Strategy for Data Analysis},
    author = {Hadley Wickham},
    journal = {Journal of Statistical Software},
    year = {2011},
    volume = {40},
    number = {1},
    pages = {1--29},
    url = {http://www.jstatsoft.org/v40/i01/},
  }

@Manual{extrafont,
    title = {extrafont: Tools for using fonts},
    author = {Winston Chang,},
    year = {2014},
    note = {R package version 0.17},
    url = {https://CRAN.R-project.org/package=extrafont},
  }
  
@Book{ggplot2,
    author = {Hadley Wickham},
    title = {ggplot2: Elegant Graphics for Data Analysis},
    publisher = {Springer-Verlag New York},
    year = {2009},
    isbn = {978-0-387-98140-6},
    url = {http://ggplot2.org},
  }
@Book{S,
  author = {Chambers,Hastie},
    title = {Statistical Models in S},
  publisher = {Pacific Grove},
  year = {1991},
  }
 